@misc{gmitqaf,
  author = "GMIT",
  title = "Quality Assurance Framework",
  howpublished = "\\ \url{https://www.gmit.ie/general/quality-assurance-framework}"
}

@misc{irisdataset,
  author = "UC Irvine Machine Learning Repository",
  title = "Iris Data Set",
  howpublished = "\\ \url{http://archive.ics.uci.edu/ml/datasets/Iris}"
}

@misc{pythonwebsite,
    author = "Python Software Foundation ",
    title = "Welcome to Python.org",
    howpublished = "\\ \url{https://www.python.org/}"
}
